%% This BibTeX bibliography file was created using BibDesk.
%% http://bibdesk.sourceforge.net/


%% Created for Maria Ferman at 2016-08-06 20:30:04 -0700 


%% Saved with string encoding Unicode (UTF-8) 



@article{gates2009building,
	Author = {Gates, Alan F and Natkovich, Olga and Chopra, Shubham and Kamath, Pradeep and Narayanamurthy, Shravan M and Olston, Christopher and Reed, Benjamin and Srinivasan, Santhosh and Srivastava, Utkarsh},
	Date-Added = {2016-08-07 03:29:09 +0000},
	Date-Modified = {2016-08-07 03:29:46 +0000},
	Journal = {Proceedings of the VLDB Endowment},
	Number = {2},
	Pages = {1414-1425},
	Title = {Building a high-level dataflow system on top of Map-Reduce: the Pig experience},
	Volume = {2},
	Year = {2009}}

@article{thusoo2009hive,
	Author = {Thusoo, Ashish and Sarma, Joydeep Sen and Jain, Namit and Shao, Zheng and Chakka, Prasad and Anthony, Suresh and Liu, Hao and Wyckoff, Pete and Murthy, Raghotham},
	Date-Added = {2016-08-07 03:28:02 +0000},
	Date-Modified = {2016-08-07 03:29:00 +0000},
	Journal = {Proceedings of the VLDB Endowment},
	Number = {2},
	Pages = {1626-1629},
	Title = {Hive: a warehousing solution over a map-reduce framework},
	Volume = {2},
	Year = {2009}}

@book{b2016professionalhadoop,
	Author = {Antony B.},
	Date-Added = {2016-08-07 03:27:10 +0000},
	Date-Modified = {2016-08-07 03:27:57 +0000},
	Publisher = {US: Wrox Press Ltd},
	Title = {Professional hadoop},
	Year = {2016}}

@article{rasheed2013fedora,
	Author = {Rasheed, Abdul and Mohideen, Mohamed},
	Date-Added = {2016-08-07 03:26:34 +0000},
	Date-Modified = {2016-08-07 03:27:04 +0000},
	Title = {Fedora Commons With Apache Hadoop: A Research Study},
	Year = {2013}}

@inproceedings{shvachko2010hadoop,
	Author = {Shvachko, Konstantin and Kuang, Hairong and Radia, Sanjay and Chansler, Robert},
	Booktitle = {2010 IEEE 26th symposium on mass storage systems and technologies (MSST)},
	Date-Added = {2016-08-07 03:24:57 +0000},
	Date-Modified = {2016-08-07 03:26:21 +0000},
	Organization = {IEEE},
	Title = {The hadoop distributed file system},
	Year = {2010}}

@article{dean2008mapreduce,
	Author = {Dean, Jeffrey and Ghemawat, Sanjay},
	Date-Added = {2016-08-07 03:24:03 +0000},
	Date-Modified = {2016-08-07 03:24:54 +0000},
	Journal = {Communications of the ACM},
	Number = {1},
	Pages = {107-113},
	Title = {MapReduce: simplified data processing on large clusters},
	Volume = {51},
	Year = {2008}}
